<collection xmlns="http://www.loc.gov/MARC21/slim">
   <record>
      <leader>01997nam a2200385 i 4500</leader>
      <controlfield tag="001">6815933</controlfield>
      <controlfield tag="003">OCoLC</controlfield>
      <controlfield tag="005">20150217021939.0</controlfield>
      <controlfield tag="008">150217s2015    gw       b    000 f ger d</controlfield>
      <datafield ind1=" " ind2=" " tag="020">
         <subfield code="a">9783835313392</subfield>
         <subfield code="q">(hardback)</subfield>
      </datafield>
      <datafield ind1=" " ind2=" " tag="020">
         <subfield code="a">3835313398</subfield>
         <subfield code="q">(hardback)</subfield>
      </datafield>
      <datafield ind1=" " ind2=" " tag="035">
         <subfield code="a">ocn903542932</subfield>
      </datafield>
      <datafield ind1=" " ind2=" " tag="039">
         <subfield code="a">(OCoLC)903542932</subfield>
         <subfield code="f">OCLC</subfield>
      </datafield>
      <datafield ind1=" " ind2=" " tag="040">
         <subfield code="a">AEU</subfield>
         <subfield code="b">eng</subfield>
         <subfield code="e">rda</subfield>
         <subfield code="c">LTSCA</subfield>
         <subfield code="d">AEU</subfield>
      </datafield>
      <datafield ind1=" " ind2="4" tag="050">
         <subfield code="a">PT2603.R68</subfield>
         <subfield code="b">R43 2015</subfield>
      </datafield>
      <datafield ind1=" " ind2=" " tag="090">
         <subfield code="a">PT 2603 R68 R43 2015</subfield>
         <subfield code="b">AEU</subfield>
      </datafield>
      <datafield ind1="1" ind2=" " tag="100">
         <subfield code="a">Brod, Max,</subfield>
         <subfield code="d">1884-1968,</subfield>
         <subfield code="e">author.</subfield>
         <subfield code="0">http://id.loc.gov/authorities/names/n50041424</subfield>
         <subfield code="0">http://viaf.org/viaf/56606649</subfield>
      </datafield>
      <datafield ind1="1" ind2="0" tag="240">
         <subfield code="a">Rebellische Herzen</subfield>
      </datafield>
      <datafield ind1="1" ind2="0" tag="245">
         <subfield code="a">Prager Tagblatt :</subfield>
         <subfield code="b">Roman einer Redaktion /</subfield>
         <subfield code="c">Max Brod ; mit einem Vorwort von Thomas Steinfeld ; Nachwort, Helmuth Nürnberger ; herausgegeben von Hans-Gerd Koch und Hans Dieter Zimmermann ; in Zusammenarbeit mit Barbora Šramková und Norbert Miller.</subfield>
      </datafield>
      <datafield ind1=" " ind2="1" tag="264">
         <subfield code="a">Göttingen :</subfield>
         <subfield code="b">Wallstein Verlag,</subfield>
         <subfield code="c">[2015]</subfield>
      </datafield>
      <datafield ind1=" " ind2=" " tag="300">
         <subfield code="a">455 pages ;</subfield>
         <subfield code="c">21 cm.</subfield>
      </datafield>
      <datafield ind1=" " ind2=" " tag="336">
         <subfield code="a">text</subfield>
         <subfield code="b">txt</subfield>
         <subfield code="2">rdacontent</subfield>
         <subfield code="0">http://id.loc.gov/vocabulary/contentTypes/txt</subfield>
      </datafield>
      <datafield ind1=" " ind2=" " tag="337">
         <subfield code="a">unmediated</subfield>
         <subfield code="b">n</subfield>
         <subfield code="2">rdamedia</subfield>
         <subfield code="0">http://id.loc.gov/vocabulary/mediaTypes/n</subfield>
      </datafield>
      <datafield ind1=" " ind2=" " tag="338">
         <subfield code="a">volume</subfield>
         <subfield code="b">nc</subfield>
         <subfield code="2">rdacarrier</subfield>
         <subfield code="0">http://id.loc.gov/vocabulary/carriers/nc</subfield>
      </datafield>
      <datafield ind1="1" ind2=" " tag="490">
         <subfield code="a">Ausgewählte Werke / Max Brod</subfield>
      </datafield>
      <datafield ind1=" " ind2=" " tag="500">
         <subfield code="a">Originally published in 1957, under the title: Rebellische Herzen.</subfield>
      </datafield>
      <datafield ind1=" " ind2=" " tag="504">
         <subfield code="a">Includes bibliographical references.</subfield>
      </datafield>
      <datafield ind1=" " ind2=" " tag="596">
         <subfield code="a">43</subfield>
      </datafield>
      <datafield ind1="1" ind2=" " tag="700">
         <subfield code="a">Steinfeld, Thomas,</subfield>
         <subfield code="e">writer of foreword.</subfield>
         <subfield code="0">http://id.loc.gov/authorities/names/n85091134</subfield>
         <subfield code="0">http://viaf.org/viaf/27109054</subfield>
      </datafield>
      <datafield ind1="1" ind2=" " tag="700">
         <subfield code="a">Nürnberger, Helmuth,</subfield>
         <subfield code="e">writer of afterword.</subfield>
         <subfield code="0">http://id.loc.gov/authorities/names/n83222187</subfield>
      </datafield>
      <datafield ind1=" " ind2=" " tag="758">
         <subfield code="0">http://worldcat.org/entity/work/id/366078709</subfield>
      </datafield>
      <datafield ind1="0" ind2=" " tag="787">
         <subfield code="n">OCLC Work Id</subfield>
         <subfield code="o">http://worldcat.org/entity/work/id/366078709</subfield>
      </datafield>
      <datafield ind1="1" ind2=" " tag="800">
         <subfield code="a">Brod, Max,</subfield>
         <subfield code="d">1884-1968.</subfield>
         <subfield code="t">Works.</subfield>
         <subfield code="k">Selections.</subfield>
         <subfield code="f">2013.</subfield>
      </datafield>
      <datafield ind1=" " ind2=" " tag="949">
         <subfield code="a">PT 2603 R68 R43 2015</subfield>
         <subfield code="h">UAHS-B</subfield>
         <subfield code="i">0162034223816</subfield>
      </datafield>
      <datafield ind1=" " ind2=" " tag="926">
         <subfield code="a">PT 2603 R68 R43 2015</subfield>
         <subfield code="w">LC</subfield>
         <subfield code="c">1</subfield>
         <subfield code="i">0162034223816</subfield>
         <subfield code="l">ON_SHELF</subfield>
         <subfield code="m">UAHSS</subfield>
         <subfield code="p">$150.00</subfield>
         <subfield code="r">Y</subfield>
         <subfield code="s">Y</subfield>
         <subfield code="t">BOOK</subfield>
         <subfield code="u">3/5/2015</subfield>
      </datafield>
   </record>
</collection>
